@unpublished{black2025,
	title = {Identifying robust conservation strategies to secure ecosystem service provision under uncertainties},
	author = {Black, Benjamin and Adde, Antoine and {Külling}, Nathan and {Büth}, Carlson and Kurmann, Manuel and Lehmann, Anthony and Altermatt, Florian and Guisan, Antoine and Gret-Regamey, Adrienne},
	year = {2025},
	date = {2025},
	note = {In Review in Global Environmental Change}
}
